@article{SFMNET,
  title={SfM-Net: Learning of Structure and Motion from Video},
  author={Vijayanarasimhan, Sudheendra and Ricco, Susanna and Schmid, Cordelia and Sukthankar, Rahul and Fragkiadaki, Katerina},
  journal={arXiv preprint arXiv:1704.07804},
  year={2017}
}

@book{Szeliski,
  title={Computer vision: algorithms and applications},
  author={Szeliski, Richard},
  year={2010},
  publisher={Springer Science \& Business Media}
}

@inproceedings{garg2016,
  title={Unsupervised CNN for single view depth estimation: Geometry to the rescue},
  author={Garg, Ravi and Carneiro, Gustavo and Reid, Ian},
  booktitle={European Conference on Computer Vision},
  pages={740--756},
  year={2016},
  organization={Springer}
}


